@article {haken61,
    author = {Haken, Wolfgang},
    fjournal = {Acta Mathematica},
    issn = {0001-5962},
    journal = {Acta Math.},
    mrclass = {55.20 (55.60)},
    mrnumber = {0141106},
    pages = {245--375},
    title = {Theorie der {N}ormalfl\"achen},
    url = {https://doi.org/10.1007/BF02559591},
    volume = {105},
    year = {1961},
}

@book {crowell63,
    author = {Crowell, Richard H. and Fox, Ralph H.},
    mrclass = {55.10},
    mrnumber = {0146828},
    mrreviewer = {L. Neuwirth},
    pages = {x+182},
    publisher = {Ginn and Co., Boston, Mass.},
    series = {Based upon lectures given at Haverford College under the Philips Lecture Program},
    title = {Introduction to knot theory},
    year = {1963},
}

@article {trotter63,
    author = {Trotter, H. F.},
    doi = {10.1016/0040-9383(63)90011-9},
    fjournal = {Topology},
    issn = {0040-9383},
    journal = {Topology. An International Journal of Mathematics},
    mrclass = {55.20},
    mrnumber = {0158395},
    mrreviewer = {O. G. Harrold},
    pages = {275--280},
    title = {Non-invertible knots exist},
    url = {http://dx.doi.org/10.1016/0040-9383(63)90011-9},
    volume = {2},
    year = {1963},
}

@article {menasco84,
    author = {Menasco, W.},
    doi = {10.1016/0040-9383(84)90023-5},
    fjournal = {Topology},
    issn = {0040-9383},
    journal = {Topology. An International Journal of Mathematics},
    mrclass = {57M25},
    mrnumber = {721450},
    mrreviewer = {Cameron McA. Gordon},
    number = {1},
    pages = {37--44},
    title = {Closed incompressible surfaces in alternating knot and link complements},
    url = {http://dx.doi.org/10.1016/0040-9383(84)90023-5},
    volume = {23},
    year = {1984},
}

@article {ernst87,
    author = {Ernst, C. and Sumners, D. W.},
    fjournal = {Mathematical Proceedings of the Cambridge Philosophical Society},
    issn = {0305-0041},
    journal = {Math. Proc. Cambridge Philos. Soc.},
    mrclass = {57M25},
    mrnumber = {898150},
    mrreviewer = {Mark E. Kidwell},
    number = {2},
    pages = {303--315},
    title = {The growth of the number of prime knots},
    url = {https://doi.org/10.1017/S0305004100067323},
    volume = {102},
    year = {1987},
}

@article {gordon89,
    author = {Gordon, C. McA. and Luecke, J.},
    fjournal = {Journal of the American Mathematical Society},
    issn = {0894-0347},
    journal = {J. Amer. Math. Soc.},
    mrclass = {57M25 (57M40)},
    mrnumber = {965210},
    mrreviewer = {Martin Scharlemann},
    number = {2},
    pages = {371--415},
    title = {Knots are determined by their complements},
    url = {https://doi.org/10.2307/1990979},
    volume = {2},
    year = {1989},
}

@book {kawauchi96,
    author = {Kawauchi, Akio},
    isbn = {3-7643-5124-1},
    mrclass = {57M25},
    mrnumber = {1417494},
    mrreviewer = {Sergei K. Lando},
    note = {Translated and revised from the 1990 Japanese original by the author},
    pages = {xxii+420},
    publisher = {Birkh\"auser Verlag, Basel},
    title = {A survey of knot theory},
    year = {1996},
}

@book {murasugi96,
    author = {Murasugi, Kunio},
    isbn = {0-8176-3817-2},
    mrclass = {57M25},
    mrnumber = {1391727},
    mrreviewer = {Louis H. Kauffman},
    note = {Translated from the 1993 Japanese original by Bohdan Kurpita},
    pages = {viii+341},
    publisher = {Birkh\"auser Boston, Inc., Boston, MA},
    title = {Knot theory and its applications},
    year = {1996},
}

@article {vertigan05,
    author = {Vertigan, Dirk},
    fjournal = {SIAM Journal on Computing},
    issn = {0097-5397},
    journal = {SIAM J. Comput.},
    mrclass = {68Q17 (05A15 05B35 05C85 68Q15 68Q25 68R10)},
    mrnumber = {2201454},
    mrreviewer = {Mark R. Jerrum},
    number = {3},
    pages = {690--712},
    title = {The computational complexity of {T}utte invariants for planar graphs},
    url = {https://doi.org/10.1137/S0097539704446797},
    volume = {35},
    year = {2005},
}

@article {barnatan07,
    author = {Bar-Natan, Dror},
    fjournal = {Journal of Knot Theory and its Ramifications},
    issn = {0218-2165},
    journal = {J. Knot Theory Ramifications},
    mrclass = {57M25},
    mrnumber = {2320156},
    number = {3},
    pages = {243--255},
    title = {Fast {K}hovanov homology computations},
    url = {https://doi.org/10.1142/S0218216507005294},
    volume = {16},
    year = {2007},
}

@article {kronheimer11,
    author = {Kronheimer, P. B. and Mrowka, T. S.},
    fjournal = {Publications Math\'ematiques. Institut de Hautes \'Etudes Scientifiques},
    issn = {0073-8301},
    journal = {Publ. Math. Inst. Hautes \'Etudes Sci.},
    mrclass = {57M27 (18G40 57R58)},
    mrnumber = {2805599},
    mrreviewer = {Raphael Zentner},
    number = {113},
    pages = {97--208},
    title = {Khovanov homology is an unknot-detector},
    url = {https://doi.org/10.1007/s10240-010-0030-y},
    year = {2011},
}

@article {burton12,
    author = {Burton, Benjamin A. and Rubinstein, J. Hyam and Tillmann, Stephan},
    fjournal = {Transactions of the American Mathematical Society},
    issn = {0002-9947},
    journal = {Trans. Amer. Math. Soc.},
    mrclass = {57N10 (57M50)},
    mrnumber = {2846358},
    mrreviewer = {Martin Scharlemann},
    number = {2},
    pages = {911--932},
    title = {The {W}eber-{S}eifert dodecahedral space is non-{H}aken},
    url = {https://doi.org/10.1090/S0002-9947-2011-05419-X},
    volume = {364},
    year = {2012},
}

@article {kuperberg15,
    author = {Kuperberg, Greg},
    fjournal = {Theory of Computing. An Open Access Journal},
    issn = {1557-2862},
    journal = {Theory Comput.},
    mrclass = {68Q12 (57M27 68P05 68Q17)},
    mrnumber = {3354608},
    mrreviewer = {Heather A. Dye},
    pages = {183--219},
    title = {How hard is it to approximate the {J}ones polynomial?},
    url = {https://doi.org/10.4086/toc.2015.v011a006},
    volume = {11},
    year = {2015},
}

@article {coward11,
    author = {Coward, Alexander and Lackenby, Marc},
    doi = {10.4171/CMH/227},
    fjournal = {Comment. Math. Helv.},
    issn = {0010-2571},
    journal = {Commentarii Mathematici Helvetici. A Journal of the Swiss Mathematical Society},
    mrclass = {57M25 (57N10)},
    mrnumber = {2775133},
    mrreviewer = {Ichiro Torisu},
    number = {2},
    pages = {383--399},
    title = {Unknotting genus one knots},
    url = {http://dx.doi.org/10.4171/CMH/227},
    volume = {86},
    year = {2011},
}